@Book{           Bascompte&Sole:1998,
  author	=       {Bascompte, J., and Sol\'e, R. V.},
  year		= 1998,
  title		= {Modeling Spatiotemporal Dynamics in Ecology},
  series	=        {},
  publisher	= {Springer, Berlin},
  address       = {}
}

@Article{     Caldarelli&Higgs&McKane:1998,     
  author	= {Caldarelli, G., and Higgs, P. G., and McKane, A. J.},
  year		= 1998,
  title		= {Modelling coevolution in multispecies communities},
  journal	= {Journal of theoretical Biology},
  volume	= 193,
  pages		= {345-3358},
  pozn		= {},
  kod		= {}
}

@Article{   Reichsteinetal:2019,     
  author	= {Reichstein, M., and Camps-Valls, G., and Stevens, B., and Jung, M., and Denzler, J., and Carvalhais, N., and Prabhat},
  year		= 2019,
  title		= {Deep learning and process understanding for data-driven Earth system science},
  journal	= {Nature},
  volume	= 566,
  pages		= {195-204},
  pozn		= {},
  kod		= {}
}


@Article{    Schmidhuber:2015,     
  author	= {Schmidhuber, J.},
  year		= 2015,
  title		= {Deep learning in neural networks: An overview},
  journal	= {Neural Networks},
  volume	= 61,
  pages		= {85-117},
  pozn		= {},
  kod		= {}
}

@Article{     Ghahramani:2015,     
  author	= {Ghahramani, Z.},
  year		= 2015,
  title		= {Probabilistic machine learning and artificial intelligence},
  journal	= {Nature},
  volume	= 521,
  pages		= {452-459},
  pozn		= {},
  kod		= {}
}

@Book{           Mueller:2010,
  author	=       {Mueller, K.},
  year		= 2010,
  title		= {Construction and behavior of Multinomial Markov random field models},
  series	=        {},
  publisher	= {Gradudate Theses and Dissertations. 11419, Iowa State University, USA},
  address       = {http://lib.dr.iastate.edu/etd/11419}
}

@Article{     Besag:1974,     
  author	= {Besag, J.},
  year		= 1974,
  title		= {Spatial Interaction and the Statistical Analysis of Lattice Systems},
  journal	= {Journal of the Royal Statistical Society, Series B (Methodological)},
  volume	= 36,
  pages		= {192-236},
  pozn		= {},
  kod		= {}
}

@Article{     Harris:2016,     
  author	= {Harris, D. J.},
  year		= 2016,
  title		= {Inferring species interactions from co-occurrence data with Markov networks},
  journal	= {Ecology},
  volume	= 97,
  pages		= {3308-3314},
  pozn		= {},
  kod		= {}
}

@Article{     Clarketal:2018,     
  author	= {Clark, N. J., and Wells, K., and Lindberg, O.},
  year		= 2018,
  title		= {Unravelling changing interspecific interactions across environmental gradients using Markov random fields},
  journal	= {Ecology (doi: 110.1002/ecy.2221)},
  volume	= ,
  pages		= {},
  pozn		= {},
  kod		= {}
}


@Article{     Andreazzietal:2018,     
  author	= {de Andreazzi, C. S., and Guimar\~aes, Jr., P. R., and Meli\'an, C. J.},
  year		= 2018,
  title		= {Eco-evolutionary feedbacks promote fluctuating selection and long-term stability of antagonistic networks},
  journal	= {Proceedings of the Royal Society B Biological Sciences},
  volume	= 285,
  pages		= {20172596},
  pozn		= {},
  kod		= {}
}

 Johnson S, Domı́nguez-Garcı́a V, Donetti L, Muñoz MA (2014). "Trophic coherence determines food-web stability". Proc Natl Acad Sci USA. 111: 17923–17928. 
Wang, Shaopeng; Loreau, Michel (2014-08-01). "Ecosystem stability in space: α, β and γ variability". Ecology Letters. 17 (8): 891–901. 

@Article{     Jacquetetal:2016,     
  author	= {Jacquet, C., and Moritz, C., and Morissette, L., and Legagneux, P., and Massol, F., and Archambault, P., and Gravel, D.},
  year		= 2016,
  title		= {No complexity-stability relationship in empirical ecosystems},
  journal	= {Nature Communications},
  volume	= 7,
  pages		= {12573},
  pozn		= {},
  kod		= {}
}

@Article{     Lewontin:1969,     
  author	= {Lewontin, R. C.},
  year		= 1969,
  title		= {The meaning of stability},
  journal	= {Brookhaven Symposia in Biology},
  volume	= 22,
  pages		= {13-23},
  pozn		= {},
  kod		= {}
}

@Article{     Johnsonetal:2014,     
  author	= {Johnson S., and Dom\'inguez-Garc\'ia V., and Donetti L., and Mu\~noz M. A.},
  year		= 2014,
  title		= {Trophic coherence determines food-web stability},
  journal	= {Proceedings of the National Academy of Sciences of the U. S. A.},
  volume	= 111,
  pages		= {17923-17928},
  pozn		= {},
  kod		= {}
}

@Article{     Eklofetal:2013,     
  author	= {Ekl\"of, A., and Jacob, U., and Kopp, J., and Bosch, J., and Castro-Urgal, R., and Chacoff, N. P., and Dalsgaard, B., and Sassi, C., and Galetti, M., and Guimar\~aes, P. R., and Lom\'ascolo, S. B., and Gonz\'alez, A. M. M., and Pizo, M. A., and Rader, R., and Rodrigo, A., and Tylianakis, J. M., and V\'azquez, D. P., and Allesina, S.},
  year		= 2013,
  title		= {The dimensionality of ecological networks},
  journal	= {Ecology Letters},
  volume	= 16,
  pages		= {577-583},
  pozn		= {},
  kod		= {}
}

@Book{           Dawkins:1982,
  author	=       {Dawkins, R.},
  year		= 1982,
  title		= {The Extended Phenotype},
  series	=        {},
  publisher	= {Oxford University Press, UK.},
  address       = {}
}

@Article{     Bastollaetal:2009,     
  author	= {Bastolla, U., and Fortuna, M. A., and Pascual-Garc\'ia, A., Ferrera, A., and Luque, B., and Bascompte, J.},
  year		= 2009,
  title		= {The architecture of mutualistic networks minimizes competition and increases biodiversity},
  journal	= {Nature},
  volume	= 458,
  pages		= {1018-1020},
  pozn		= {},
  kod		= {}
}

@Article{     Staniczenkoetal:2013,     
  author	= {Staniczenko, P. P. A., and Kopp, J. C., and Allesina, S.},
  year		= 2013,
  title		= {The ghost of nestedness in ecological networks},
  journal	= {Nature Communications},
  volume	= 4,
  pages		= {1391},
  pozn		= {},
  kod		= {}
}

@Article{     Levin:2005,     
  author	= {Levin, S. A.},
  year		= 2005,
  title		= {Self-organization and the Emergence of Complexity in Ecological Systems},
  journal	= {Bioscience},
  volume	= 55,
  pages		= {1075-1079},
  pozn		= {},
  kod		= {}
}

@Article{     Schneideretal:2011,     
  author	= {Schneider, C. M., and Moreira, A. A., and Andrade, J. S. Jr., and Havlin, S., and Herrmann, H. J.},
  year		= 2011,
  title		= {Mitigation of malicious attacks on networks},
  journal	= {Proceedings of the National Academy of Sciences of the U. S. A.},
  volume	= 108,
  pages		= {3838-3841},
  pozn		= {},
  kod		= {}
}

@Article{     Gibert&DeLong:2017,     
  author	= {Gibert, J. P., and DeLong, J. P.},
  year		= 2017,
  title		= {Phenotypic variation explains food web structural patterns},
  journal	= {Proceedings of the National Academy of Sciences of the U. S. A.},
  volume	= 114,
  pages		= {11187-11192},
  pozn		= {},
  kod		= {}
}

@Article{     Govaertetal:2016,     
  author	= {Govaert, L., and Pantel, J. H., and De Meester, L.},
  year		= 2016,
  title		= {Eco-evolutionary partitioning metrics: assessing the importance of ecological and evolutionary contributions to population and community change},
  journal	= {Ecology Letters},
  volume	= 19,
  pages		= {839-853},
  pozn		= {},
  kod		= {}
}

@Article{     Morrison&Badyaev:2016,     
  author	= {Morrison, E. S., and Badyaev, A. V.},
  year		= 2016,
  title		= {The landscape of evolution: Reconciling structural and dynamical properties of metabolic networks in adaptive diversifications},
  journal	= {Integrative and Comparative Biology},
  volume	= 56,
  pages		= {235-246},
  pozn		= {},
  kod		= {}
}

@Article{     Schoener:2011,     
  author	= {Schoener, T. W.},
  year		= 2011,
  title		= {The newest synthesis: understanding the interplay of evolutionary and ecological dynamics},
  journal	= {Science},
  volume	= 331,
  pages		= {426-429},
  pozn		= {},
  kod		= {}
}

@Article{     QuintCon:2016,     
  author	= {The Quintessence Consortium},
  year		= 2016,
  title		= {Networking our way to better ecosystem service provision},
  journal	= {Trends in Ecology and Evolution},
  volume	= 31,
  pages		= {105-115},
  pozn		= {},
  kod		= {}
}

@Article{     Kivela:2013,     
  author	= {Kivela, M.},
  year		= 2013,
  title		= {Multilayer networks library},
  journal	= {http://www.plexmath.eu/?page\_id=327},
  volume	= ,
  pages		= {},
  pozn		= {},
  kod		= {}
}

@Article{     DeDomenico:2014,     
  author	= {De Domenico, M., and Porter, M. A., and Arenas, A.},
  year		= 2014,
  title		= {MuxViz: a tool for multilayer analysis and visualization of networks},
  journal	= {Journal of Complex Networks},
  volume	= 3,
  pages		= {159-176},
  pozn		= {},
  kod		= {}
}

@Article{     Kivelaetal:2014,     
  author	= {Kivela, M., and Arenas, A., and Barthelemy, M., and Gleeson, J. P., and Moreno, Y., and Porter, M. A.},
  year		= 2014,
  title		= {Multilayer networks},
  journal	= {Journal of Complex Networks},
  volume	= 3,
  pages		= {203-271},
  pozn		= {},
  kod		= {}
}

@Article{     DeLong&Gibert:2016,     
  author	= {DeLong, J. P., and Gibert, J. P.},
  year		= 2016,
  title		= {Gillespie eco-evolutionary models ({GEM}s) reveal the role of heritable trait variation in eco-evolutionary dynamics},
  journal	= {Ecology and Evolution. doi:10.1002/ece3.1959},
  volume	= ,
  pages		= {},
  pozn		= {},
  kod		= {}
}

@Article{     Graveletal:2016,    
  author	= {Gravel, D., and Massol, F., and Leibold, M. A.},
  year		= 2016,
  title		= {Stability and complexity in model meta-ecosystems},
  journal	= {Nature Communications},
  volume	= 7,
  pages		= {12457},
  pozn		= {},
  kod		= {}
}

@Article{     Rohretal:2014,    
  author	= {Rohr, R. P., and Saavedra, S., and Bascompte, J.},
  year		= 2014,
  title		= {On the structural stability of mutualistic systems},
  journal	= {Science},
  volume	= 345,
  pages		= {1253497},
  pozn		= {},
  kod		= {}
}

@Article{     North&Beaumont:2015,    
  author	= {North, T., -L., and Beaumont, M. A.},
  year		= 2015,
  title		= {Complex trait architecture: the pleiotropic model revisited},
  journal	= {Scientific Reports},
  volume	= 5,
  pages		= {9351},
  pozn		= {},
  kod		= {}
}

@Article{     Hairstonetal:2005,    
  author	= {Hairston, Jr., N. G., and Ellner, S. P., and Geber, M A., and Yoshida, T., and fox, J. A.},
  year		= 2005,
  title		= {Rapid evolution and the convergence of ecological and evolutionary time},
  journal	= {Ecology Letters},
  volume	= 8,
  pages		= {1114-1127},
  pozn		= {},
  kod		= {}
}

@Article{     Guimaraesetal:2017,    
  author	= {Guimar\~aes, Jr., P. R., and Pires, M. M., and Jordano, P., and Bascompte, J., and Thompson, J. N.},
  year		= 2017,
  title		= {Indirect effects drive coevolution in mutualistic networks},
  journal	= {Nature},
  volume	= 550,
  pages		= {511-514},
  pozn		= {},
  kod		= {}
}



@Article{    Yoshidaetal:2003,    
  author	= {Yoshida, T., and Jones, L. E., and Ellner, S. P., and Fussman, G. F., and Hairston, Jr., N. G.},
  year		= 2003,
  title		= {Rapid evolution drives ecological dynamics in a predator-prey system},
  journal	= {Nature},
  volume	= 424,
  pages		= {303-306},
  pozn		= {},
  kod		= {}
}

@Article{         Stearns:2010,
  author	= {Stearns, F. W.},
  year		= 2010,
  title		= {One Hundred Years of Pleiotropy: A Retrospective},
  journal	= {Genetics},
  volume	= 186,
  pages		= {767-773},
  pozn		= {neni},
  kod		= {}
}

@Article{dunne2005modeling,
  title={Modeling food-web dynamics: complexity-stability implications},
  author={Dunne, J. A., and Brose, U., and Williams, R. J., and Martinez, N. D.},
  journal={Aquatic food webs: an ecosystem approach, Andrea Belgrano, Ursula M. Scharler, Jennifer Dunne, and Robert E. Ulanowicz (eds)},
  pages={117-129},
  year={2005},
  publisher={Oxford University Press}
}

@Article{         Stoufferetal:2011,
  author	= {Stouffer, D. B., and Rezende, E. L., and Amaral, L. A. N.},
  year		= 2011,
  title		= {The role of body mass in diet contiguity and food-web structure},
  journal	= {Journal of Animal Ecology},
  volume	= 80,
  pages		= {632-639},
  pozn		= {neni},
  kod		= {}
}

@Article{         Eklofetal:2013,
  author	= {Ekl\"of, A., and Jacob, U., and Koop, J., and Bosch, J., and Castro, R., and Chacoff, N. P., and Dalsgaard, B., and de Sassi, C., and Galetti, M., and Guimar\~aes, P. R., and Lom\'ascolo, S. B., and Mart\'in Gonz\'alez, A. M., and Pizo, M. A., and Rader, R., and Rodrigo, A., and Tylianakis, J. M., and V\'azquez, D. P., and Allesina, S.},
  year		= 2013,
  title		= {The dimensionality of ecological networks},
  journal	= {Ecology Letters},
  volume	= 2013,
  pages		= {577-583},
  pozn		= {neni},
  kod		= {}
}

@Article{         Barrettetal:2009,
  author	= {Barrett, R. D., and Rogers, S. M., and Schluter, D.},
  year		= 2009,
  title		= {Environment specific pleiotropy facilitates divergence at the Ectodysplasin locus in threespine stickeback},
  journal	= {Evolution},
  volume	= 63,
  pages		= {2831-2837},
  pozn		= {neni},
  kod		= {}
}


@Article{         Winemilleretal:2015,
  author	= {Winemiller, K. O., and Fitzgerald, D. B., and Bower, L. M., and Pianka, E. R.},
  year		= 2015,
  title		= {Functional traits, convergent evolution, and periodic tables of niches},
  journal	= {Ecology Letters},
  volume	= 18,
  pages		= {737-751},
  pozn		= {neni},
  kod		= {}
}

@Article{         Pavlicevetal:2015,
  author	= {Pavli$\check{c}$ev, M., and Cheverud, J.},
  year		= 2015,
  title		= {Constraints Evolve: Context Dependency of Gene Effects Allows Evolution of Pleiotropy},
  journal	= {Annual Review of Ecology Evolution and Systematics},
  volume	= 46,
  pages		= {413-434},
  pozn		= {neni},
  kod		= {}
}

@Article{         Deyletal:2017,
  author	= {Deyle, E. R., and May, R. M., and Munch, S. B., and Sugihara, G.},
  year		= 2017,
  title		= {Tracking and forecasting ecosystem interactions in real time},
  journal	= {Proceedings of the Royal Society B Biological Sciences},
  volume	= 283,
  pages		= {20152258},
  pozn		= {neni},
  kod		= {}
}

@Article{         Allhoff&Drossel:2013,
  author	= {Allhoff, K. T., and Drossel, B.},
  year		= 2013,
  title		= {When do evolutionary food web models generate complex networks?},
  journal	= {Journal of Theoretical Biology},
  volume	= 334,
  pages		= {122-129},
  pozn		= {neni},
  kod		= {}
}

@Article{         Loeuille&Loreau:2005,
  author	= {Loeuille, N., and Loreau, M.},
  year		= 2005,
  title		= {Evolutionary emergence of size-structured food webs},
  journal	= {Proceedings of the National Academy of Sciences of the U. S. A.},
  volume	= 102,
  pages		= {5761-5766},
  pozn		= {neni},
  kod		= {}
}

@Article{         Loeuille:2010,
  author	= {Loeuille, N.},
  year		= 2010,
  title		= {Influence of evolution on the stability of ecological communities},
  journal	= {Ecology Letters},
  volume	= 13,
  pages		= {1536-1545},
  pozn		= {neni},
  kod		= {}
}

@Article{         Dehlingetal:2016,
  author	= {Dehling, D. M., and Jordano, P., and Schaefer, H. M., and B{\"o}hning-Gaese, K., and Schleuning, M.},
  year		= 2016,
  title		= {Morphology predicts species' functional roles and their degree of specialization in plant-frugivore interactions},
  journal	= {Proceedings of the Royal Society B Biological Sciences},
  volume	= 283,
  pages		= {20152444},
  pozn		= {neni},
  kod		= {}
}

@Article{         Maglianesietal:2014,
  author	= {Maglianesi, M. A., and Bl{\"u}thgen, N., and B{\"o}hning-Gaese, K., and Schleuning, M.},
  year		= 2014,
  title		= {Morphological traits determine specialization and resource use in plant-hummingbird networks in the Neotropics},
  journal	= {Ecology},
  volume	= 95,
  pages		= {3325-3334},
  pozn		= {neni},
  kod		= {}
}

@Article{         Summerville&Crist:2003,
  author	= {Summerville, K. S., and Crist, T. O. },
  year		= 2003,
  title		= {Determinants of lepidopteran community composition and species diversity in eastern deciduous forests: roles of season, ecoregion, and patch size},
  journal	= {Oikos},
  volume	= 100,
  pages		= {134-148},
  pozn		= {neni},
  kod		= {}
}

@Article{         Ruzicka&Havelka:1998,
  author	= {R\r{u}\v{z}i\v{c}ka, Z., and Havelka, J.},
  year		= 1998,
  title		= {Effects of oviposition-deterring pheromone and allomones on {A}phidoletes aphidimyza ({D}iptera: {C}ecidomyiidae)},
  journal	= {Eur. J. Entomol},
  volume	= 95,
  pages		= {211-216},
  pozn		= {neni},
  kod		= {}
}

@Article{         Floresetal:2011,
  author	= {Flores, C. O., and Meyer, J. R., and Valverde, S., and Farr, L. and Weitz, J. S.},
  year		= 2011,
  title		= {Statistical structure of host-phage interactions},
  journal	= {Proceedings of the National Academy of Sciences of the United States of America},
  volume	= 108,
  pages		= {E288-297},
  pozn		= {neni},
  kod		= {}
}

@Article{     Diserud&Odegaard:2007,   
  author	= {Diserud, O. H., and $\text{\O}$degaard, F.},
  year		= 2007,
  title		= {A multiple-site similarity measure},
  journal	= {Biology letters},
  volume	= 3,
  pages		= {20-22},
  pozn		= {},
  kod		= {}
}

@Article{     Grelaudetal:2009,   
  author	= {Grelaud, A., and Robert, C. P., and Marin, J-M., and Rodolphe, F., and Taly, J-F.},
  year		= 2009,
  title		= {{ABC} likelihood-free methods for model choice in {G}ibbs random fields},
  journal	= {Bayesian Analysis},
  volume	= 4,
  pages		= {317-336},
  pozn		= {},
  kod		= {}
}



@Article{     Channell&Lomolino:2000,   
  author	= {Channell, R., and Lomolino, M. V.},
  year		= 2000,
  title		= {Dynamic biogeography and conservation of endangered species},
  journal	= {Nature},
  volume	= 403,
  pages		= {84-86},
  pozn		= {},
  kod		= {}
}

@Article{     Loguetal:2011,   
  author	= {Logue, J. B., and Mouquet, N., and peter, H., and Hillebrand, H., and The Metacommunity working group},
  year		= 2011,
  title		= {Empirical approaches to metacommunities: a review and comparison with theory},
  journal	= {Trends in Ecology and Evolution},
  volume	= 26,
  pages		= {482-491},
  pozn		= {},
  kod		= {}
}


@Article{     Dale&Fortin:2010,   
  author	= {Dale, M., and Fortin, M.-J.},
  year		= 2010,
  title		= {From Graphs to Spatial Graphs},
  journal	= {Annual Review Ecology, Evolution and Systematics},
  volume	= 41,
  pages		= {21-38},
  pozn		= {},
  kod		= {}
}

@Article{     Tellier&Brown:2011,   
  author	= {Tellier, A., and Brown, J. K.},
  year		= 2011,
  title		= {Spatial heterogeneity, frequency-dependent selection and polymorphism in host-parasite interactions},
  journal	= {BMC Evolutionary biology},
  volume	= 11,
  pages		= {319},
  pozn		= {},
  kod		= {}
} 

@Article{     Huffaker:1958,   
  author	= {Huffaker, C. B.},
  year		= 1958,
  title		= {Experimental studies on predation: dispersion factors and predator-prey oscillations.},
  journal	= {Hilgardia: A Journal of Agricultural Science},
  volume	= 27,
  pages		= {795-834},
  pozn		= {},
  kod		= {}
} 


@Article{     Sinervo&Calsbeek:2006,   
  author	= {Sinervo, B., and Calsbeek, R.},
  year		= 2006,
  title		= {The developmental, physiological, neural, and genetical causes and consequences of frequency-dependent selection in the wild},
  journal	= {Annual Review of Ecology, Evolution, and Systematics},
  volume	= 37,
  pages		= {581-610},
  pozn		= {},
  kod		= {}
}

@Article{     Hanski:1999,   
  author	= {Hanski, I.},
  year		= 1999,
  title		= {Habitat connectivity, habitat continuity, and metapopulations in dynamic landscapes},
  journal	= {Oikos},
  volume	= 87,
  pages		= {209-219},
  pozn		= {},
  kod		= {}
}


@Article{     Levins:1962,   
  author	= {Levins, R.},
  year		= 1962,
  title		= {Theory of fitnesses in a heterogeneous environment, {I}. The fitness set and adaptive function},
  journal	= {The American Naturalist},
  volume	= 96,
  pages		= {361-378},
  pozn		= {},
  kod		= {}
}


@Article{     Levin:1992,   
  author	= {Levin, S. A.},
  year		= 1992,
  title		= {The problem of pattern and scale in ecology},
  journal	= {Ecology},
  volume	= 73,
  pages		= {1943-1967},
  pozn		= {},
  kod		= {}
}

@Article{     Franzen&Nilsson:2010,   
  author	= {Franz\'en, M., and Nilsson, S. G.},
  year		= 2010,
  title		= {Both population size and patch quality affect local extinction and colonizations},
  journal	= {Proceedings of the Royal Society B},
  volume	= 277,
  pages		= {79-85},
  pozn		= {},
  kod		= {}
}

@Article{     Chave:2013,   
  author	= {Chave, J.},
  year		= 2013,
  title		= {The problem of pattern and scale in ecology: what have we learned in 20 years?},
  journal	= {Ecology Letters},
  volume	= 16,
  pages		= {4-16},
  pozn		= {},
  kod		= {}
}


@Article{     Black&McKane:2012,   
  author	= {Black, A. J., and McKane, A. J.},
  year		= 2012,
  title		= {Stochastic formulation of ecological models and their applications},
  journal	= {Trends in Ecology and Evolution},
  volume	= 27,
  pages		= {337-345},
  pozn		= {},
  kod		= {}
}

@Article{     Allesina&Tang:2012,   
  author	= {Allesina, S., and Tang, S.},
  year		= 2012,
  title		= {Stability criteria for complex ecosystems},
  journal	= {Nature},
  volume	= 483,
  pages		= {205-208},
  pozn		= {},
  kod		= {}
}

@Book{           Magurran:2004,
  author	=       {Magurran, A.},
  year		= 2004,
  title		= {Measuring biological diversity},
  series	=        {},
  publisher	= {Blackwell Publishing, Oxford, UK.},
  address       = {}
}

@Article{         Forsbergetal:2017,
  author	= {Forsberg, S. K. G., and Bloom, J. S., Sadhu, M. J., and Kruglyak, L., and Carlborg, \"O},
  year		= 2017,
  title		= {Accounting for genetic interactions improves modeling of individual quantitative trait phenotypes in yeast},
  journal	= {Nature Genetics},
  volume	= 49,
  pages		= {497-503},
  pozn		= {neni},
  kod		= {}
}

@Article{        Mackay:2014,
  author	= {Mackay, T. F. C.},
  year		= 2014,
  title		= {Epistasis and quantitative traits: using model organisms to study gene-gene interactions},
  journal	= {Nature Reviews Genetics},
  volume	= 15,
  pages		= {22-33},
  pozn		= {neni},
  kod		= {}
}


@Article{        Hilletal:2008,
  author	= {Hill, W. G., and Goddard, M. E., and Visscher, P. M.},
  year		= 2008,
  title		= {Data and theory point to mainly additive genetic variance for complex traits},
  journal	= {PLoS Genetics},
  volume	= 4,
  pages		= {e1000008},
  pozn		= {neni},
  kod		= {}
}

@Book{          May:1973,
  author	=       {May, R. M.},
  year		= 1973,
  title		= {Stability and Complexity in Model Ecosystems},
  series	=        {},
  publisher	= {Princeton Univ. Press, Princeton, USA.},
  address       = {}
}

@Article{         Novotnyetal:2002,
  author	= {Novotny, V., and Basset, Y., and Miller, S. E., and Weiblen, G. D., and Bremer, B., and Cizek, L., and Drozd P.},
  year		= 2002,
  title		= {Low host specificity of herbivorous insects in a tropical forest},
  journal	= {Nature},
  volume	= 416,
  pages		= {841-844},
  pozn		= {neni},
  kod		= {}
}

@Article{         Rosindell&Cornell:2009,
  author	= {Rosindell, J., and Cornell, S. J.},
  year		= 2009,
  title		= {Species area curves, neutral models and long-distance dispersal},
  journal	= {Ecology},
  volume	= 90,
  pages		= {1743-1750},
  pozn		= {neni},
  kod		= {}
}

@Article{         Spitzer&Jaros:2008,
  author	= {Spitzer, K., and Jaros, J.},
  year		= 2008,
  title		= {Long-term monitoring of moth populations (Lepidoptera) associated with a natural wetland forest: synthesis after 25 years},
  journal	= {Terrestrial Arthropod Reviews},
  volume	= 1,
  pages		= {155-163},
  pozn		= {neni},
  kod		= {}
}

@Article{         Polis:1991,
  author	= {Polis, G. A.},
  year		= 1991,
  title		= {Complex trophic interactions in deserts: An empirical critique of food web theory},
  journal	= {The American Naturalist},
  volume	= 138,
  pages		= {123-155},
  pozn		= {neni},
  kod		= {}
}

@Article{         Summerville&Crist:2005,
  author	= {Summerville, K. S., and Crist, T. O. },
  year		= 2005,
  title		= {Temporal patterns of species accumulation in a survey of Lepidoptera in a beech-maple forest},
  journal	= {Biodiversity and Conservation},
  volume	= 14,
  pages		= {3393-3406},
  pozn		= {neni},
  kod		= {}
}

@Article{         Gravel:2006,
  author	= {Gravel, D., and Canhan, C. D., and Beaudet, M., and Messer, C.},
  year		= 2006,
  title		= {Reconciling niche and neutrality: the continuum hypothesis},
  journal	= {Ecology Letters},
  volume	= 9,
  pages		= {399-409},
  pozn		= {neni},
  kod		= {}
}

@Article{        Beaumont:2010,
  author	= {Beaumont, M. A.},
  year		= 2010,
  title		= {Approximate {B}ayesian Computation in Evolution and Ecology},
  journal	= {Annual Review Ecology, Evolution and Systematics},
  volume	= 41,
  pages		= {379-406},
  pozn		= {neni},
  kod		= {}
}

@Article{         Graveletal:2011,
  author	= {Gravel, D., and Massol, F., and Canard, E., and Mouillot, D., and Mouquet, N.},
  year		= 2011,
  title		= {Trophic theory of island biogeography},
  journal	= {Ecology Letters},
  volume	= 14,
  pages		= {1010-1016},
  pozn		= {neni},
  kod		= {}
}

@Article{         Solovieffetal:2013,
  author	= {Solovieff, N., and Cotsapas, C., and Lee, P. H., and Purcell, S. M., and Smoller, J. W.},
  year		= 2013,
  title		= {Pleiotropy in complex traits: challenges and strategies},
  journal	= {Nature Reviews Genetics},
  volume	= 14,
  pages		= {483-495},
  pozn		= {neni},
  kod		= {}
}

@Article{         Massoletal:2011,
  author	= {Massol, F., and Gravel, D., and Mouquet, N., and Cadotte, M. W., and Fukami, T., and Leibold, M. A.},
  year		= 2011,
  title		= {Linking community and ecosystem dynamics through spatial ecology},
  journal	= {Ecology Letters},
  volume	= 14,
  pages		= {313-323},
  pozn		= {neni},
  kod		= {}
}

@Article{         Tinkeretal:2012,
  author	= {Tinker, T., and Guimar\~aes, Jr., P. R., and Novak, M., and Marquitti, F. M., and Bodkin, J. L., and Staedler, M., and Bentall, G., and Estes, J. A.},
  year		= 2012,
  title		= {Structure and mechanism of diet specialisation: testing models of individual variation in resource use with sea otters},
  journal	= {Ecology Letters},
  volume	= 15,
  pages		= {475-483},
  pozn		= {neni},
  kod		= {}
}



@Article{         EyreWalker:2010,
  author	= {Eyre-Walker, A.},
  year		= 2010,
  title		= {Genetic architecture of a complex trait and its implications for fitness and genome-wide association studies},
  journal	= {Proceedings of the National Academy of Sciences},
  volume	= 107,
  pages		= {1752-1756},
  pozn		= {neni},
  kod		= {}
}

@Article{        Thebault&Fontaine:2010,
  author	= {Thebault, E. T., and Fontaine, C.},
  year		= 2010,
  title		= {Stability of ecological communities and the architecture of mutualistic and trophic networks},
  journal	= {Science},
  volume	= 329,
  pages		= {853-856},
  pozn		= {neni},
  kod		= {}
}

@Article{        Fontaineetal:2011,
  author	= {Fontaine, C., and Guimar\~aes, P. R., and K\'efi, S., and Loeuille, N., and Memmott, J., and van Der Putten, W. H., and van Veen, F. J. F., and Th\'ebault, E.},
  year		= 2011,
  title		= {The ecological and evolutionary implications of merging different types of networks},
  journal	= {Ecology Letters},
  volume	= 14,
  pages		= {1170-1181},
  pozn		= {neni},
  kod		= {}
}

@Article{        Whithametal:2006,
  author	= {Whitham, T. G., and Bailey, J. K., and Schweitzer, J. A., and Shuster, S. M., and Bangert, R. K., and LeRoy, C. J., and Lonsdorf, E. V., and Allan, G. J., and DiFazio, S. P., and Potts, B. M., and Fischer, D. G., and Gehring, C. A., and Lindroth, r. L., and Marks, J. C., and Hart, S. C., and Wimp G. M., and Wooley, S. C.},
  year		= 2006,
  title		= {A framework for community and ecosystem genetics: from genes to ecosystems},
  journal	= {Nature reviews Genetics},
  volume	= 7,
  pages		= {510-523},
  pozn		= {neni},
  kod		= {}
}

@Article{         Whittaker:1960,
  author	= {Whittaker, R.H.},
  year		= 1960,
  title		= {Vegetation of the {S}iskiyou {M}ountains, Oregon and California},
  journal	= {Ecological Monographs},
  volume	= 22,
  pages		= {1-44},
  pozn		= {},
  kod		= {}
}

@Article{         Tarantola:2006,
  author	= {Tarantola, A.},
  year		= 2006,
  title		= {Popper, {B}ayes and the inverse problem},
  journal	= {Nature physics},
  volume	= 2,
  pages		= {492-494},
  pozn		= {},
  kod		= {}
}

@Book{           CaswellCohen:1993,
  author	= {Caswell, H., and Cohen, J. E},
  year		= 1993,
  title		= {Local and regional regulation of species-area relations:a patch-occupancy model. In Species diversity in ecological communities},
  series	= {R. E. Ricklefs and D. Schluter eds},
  publisher	= {The University of Chicago Press. Chicago},
  address       = {}
}

@Article{    Andersonetal:2006,    
  author	= {Anderson, M. J., and Ellingsen, K. E., and McArdle, B. H.},
  year		= 2006,
  title		= {Multivariate dispersion as a measure of beta diversity},
  journal	= {Ecology Letters},
  volume	= 9,
  pages		= {683-693},
  pozn		= {},
  kod		= {}
}

@Article{    Ricklefs:1987,    
  author	= {Ricklefs, R. E.},
  year		= 1987,
  title		= {Community diversity - relative roles of local and regional processes},
  journal	= {Science},
  volume	= 235,
  pages		= {167-171},
  pozn		= {},
  kod		= {}
}

@Article{     Carretal:2002,    
  author	= {Carr, M. H., and Anderson, T. W., and Hixon, M. A.},
  year		= 2002,
  title		= {Biodiversity, population regulation, and the stability of coral-reef fish communities},
  journal	= {Proceedings of the National Academy of Sciences of the USA},
  volume	= 99,
  pages		= {11241-11245},
  pozn		= {},
  kod		= {}
}

@Article{        Wootton3:2005,
  author	= {Wootton, J. T.},
  year		= 2005,
  title		= {Field parametrization and experimental test of the neutral theory of biodiversity},
  journal	= {Nature},
  volume	= 433,
  pages		= {309-312},
  pozn		= {},
  kod		= {}
}


@Article{     Fretwell&Lucas:1970,    
  author	= {Fretwell, D. S., and Lucas, H. L.},
  year		= 1970,
  title		= {On territorial behavior and other factors influencing habitat distribution in birds},
  journal	= {Acta Bio-theoretica},
  volume	= 19,
  pages		= {16-32},
  pozn		= {},
  kod		= {}
}

@Article{     Biro&Stamps:2010,    
  author	= {Biro, P. A., and Stamps, J. A.},
  year		= 2010,
  title		= {Do consistent individual differences in metabolic rate promote consistent individual differences in behavior?},
  journal	= {Trends in Ecology and Evolution},
  volume	= 25,
  pages		= {653-659},
  pozn		= {},
  kod		= {}
}

@Article{     McCannetal:1998,    
  author	= {McCann, K., and Hastings, A., and Huxel, G.R.},
  year		= 1998,
  title		= {Weak trophic interactions and the balance of nature},
  journal	= {Nature},
  volume	= 395,
  pages		= {794-798},
  pozn		= {},
  kod		= {}
}

@Article{    Treganzaetal:1996,    
  author	= {Treganza, T., and Parker, G. A., and Thompson, D. J.},
  year		= 1996,
  title		= {Interference and the ideal free distribution: models and tests},
  journal	= {Behavioral ecology},
  volume	= 7,
  pages		= {379-386},
  pozn		= {},
  kod		= {}
}

@Book{           Futuyma&Slatkin:1983,
  author	= {Futuyma, D. J., and Slatkin, M.},
  year		= 1983,
  title		= {Coevolution},
  series	= {},
  publisher	= {Sinauer Associates Inc. Sunderland, Mass.},
  address       = {}
}

@Book{           Darwin:1964,
  author	= {Darwin, C.},
  year		= 1964,
  title		= {On the Origin of Species},
  series	= {},
  publisher	= {Harvard Univ. Press, Cambridge},
  address       = {}
}

@Book{           Thompson:2013,
  author	= {Thompson, J. N.},
  year		= 2013,
  title		= {Relentless Evolution},
  series	= {},
  publisher	= {University of Chicago Press, Chicago},
  address       = {}
}

@Book{           Stary:2006,
  author	= {Star\'y, P.},
  year		= 2006,
  title		= {Aphid parasitoids of the Czech Republic (Hymenoptera: Braconidae, Aphidiinae)},
  series	= {},
  publisher	= {ACADEMIA, Praha},
  address       = {}
}

@Article{     Cottenietal:2003,    
  author	= {Cottenie, K., and Michelis, E., and Nuytten, N., and De Meester, L.},
  year		= 2003,
  title		= {Zooplankton metacommunity structure: regional vs. local processes in highly interconnected ponds},
  journal	= {Ecology},
  volume	= 84,
  pages		= {991-1000},
  pozn		= {},
  kod		= {}
}

@Article{        Connell:1978,
  author	= {Connell, J. H.},
  year		= 1978,
  title		= {Diversity in Tropical Rain Forest and Coral Reefs},
  journal	= {Science},
  volume	= 199,
  pages		= {1302-1310},
  pozn		= {neni},
  kod		= {}
}

@Article{        Cummingetal:2010,
  author	= {Cumming, G. S., and Bodin, O., and Ernstson, H. and Elmqvist, T.},
  year		= 2010,
  title		= {Network analysis in conservation biogeography: challenges and opportunities},
  journal	= {Diversity and Distributions},
  volume	= 16,
  pages		= {414-425},
  pozn		= {neni},
  kod		= {}
}

@Article{        Carrara&Altermatt:2012,
  author	= {Carrara, F., and Altermatt, F., and Rodriguez-Iturbe, I., and Rinaldo, A.},
  year		= 2012,
  title		= {Dendritic connectivity controls biodiversity patterns in experimental metacommunities},
  journal	= {Proceedings of the National Academy of Sciences of the USA},
  volume	= 109,
  pages		= {5761-5766},
  pozn		= {neni},
  kod		= {}
}
 

@Article{        Oksanen:2000,
  author	= {Oksanen, L., and Oksanen, T.},
  year		= 2000,
  title		= {The logic and realism of the hypothesis of exploitation
ecosystems},
  journal	= {The American Naturalist},
  volume	= 155,
  pages		= {703-723},
  pozn		= {neni},
  kod		= {}
}

@Article{        Bascompte&Melian:2005,
  author	= {Bascompte, J., and Meli\'an, C. J.},
  year		= 2005,
  title		= {Simple trophic modules for complex food webs},
  journal	= {Ecology},
  volume	= 86,
  pages		= {2868-2873},
  pozn		= {neni},
  kod		= {}
}

@Article{        Encinasetal:2012,
  author	= {Encinas-Viso, F., and Revilla, T. A., and Etienne, R. S.},
  year		= 2012,
  title		= {Phenology drives mutualistic network structure and diversity},
  journal	= {Ecology Letters doi: 10.1111/j.1461-0248.2011.01726.x},
  volume	= ,
  pages		= {},
  pozn		= {neni},
  kod		= {}
}

@Article{        Poisotetal:2012,
  author	= {Poisot, T., and Canard, E., and Mouillot, D., and Mouquet, N. and Gravel, D.},
  year		= 2012,
  title		= {The dissimilarity of species interaction networks},
  journal	= {Ecology Letters},
  volume	= 15,
  pages		= {1353-1361},
  pozn		= {neni},
  kod		= {}
}

@Article{        Poisotetal:2011,
  author	= {Poisot, T., and Bever, J. D., and Nemri, A., and Thrall, P. H., and Hochberg, M. E.},
  year		= 2011,
  title		= {A conceptual framework for the evolution of ecological specialisation},
  journal	= {Ecology Letters},
  volume	= 14,
  pages		= {841-851},
  pozn		= {neni},
  kod		= {}
}

@Article{        Smithetal:2011,
  author	= {Smith, D.S., and Bailey, J. K., and Shuster, S. M., and Whitham, T. G.},
  year		= 2011,
  title		= {A geographic mosaic of trophic interactions and selection: trees, aphids and birds},
  journal	= {Journal of Evolutionary Biology},
  volume	= 24,
  pages		= {422-429},
  pozn		= {neni},
  kod		= {}
}
{
@Book{           murdochbriggsnisbet:2003,
  author	= {Murdoch, W. W., and Briggs, C. J., and Nisbet, R. M. },
  year		= 2003,
  title		= {Consumer-Resource Dynamics},
  series	= {Princeton Univ. Press, Princeton, USA.},
  publisher	= {},
  address       = {}
}

@Article{        Kisslingetal:2012,
  author	= {Kissling, W. D., and Dormann, C. F., and Groeneveld, J., and Hickler, T., and K\"uhn, I., and McInerny, G. J., and Montoya, J. M., and R\"omermann, C., and Schiffers, K., and Schurr, F. M., and Singer, A., and Svenning, J-C., and Zimmermann, N. E., and O'Hara, R. B.},
  year		= 2012,
  title		= {Towards novel approaches to modelling biotic interactions in multispecies assemblages at large spatial extents},
  journal	= {Journal of Biogeography},
  volume	= 39,
  pages		= {2163-2178},
  pozn		= {neni},
  kod		= {}
}

@Book{           Krivan:2008,
  author	= {K\v{r}ivan, V. },
  year		= 2008,
  title		= {Predator-prey models},
  series	= {Pages 2929-2940 in S. E. J$\text{\o}$rgensen and B. D. Fath, eds. Population Dynamics. Vol. 4 of Encyclopedia of Ecology, 5 vols. Elsevier, Oxford, UK.},
  publisher	= {},
  address       = {}
}

@Book{           JablonkaLamb:2006,
  author	= {Jablonka, E., and Lamb, M. J.},
  year		= 2006,
  title		= {Evolution in four dimensions: Genetic, epigenetic, behavioral and symbolic variation in the history of life},
  series	= {The MIT Press, Massachusetts, USA.},
  publisher	= {},
  address       = {}
}

@Article{        Ritchieetal:2015,
  author	= {Ritchie, M. D., et al.},
  year		= 2015,
  title		= {Methods of integrating data to uncover genotype-phenotype interactions},
  journal	= {Nature Reviews Genetics},
  volume	= 16,
  pages		= {85-97},
  pozn		= {neni},
  kod		= {}
}

@Article{        Carrolletal:2005,
  author	= {Carroll, S. B.},
  year		= 2005,
  title		= {Evolution at two levels: On genes and form},
  journal	= {PLoS Biology},
  volume	= 3,
  pages		= {e245},
  pozn		= {neni},
  kod		= {}
}

@Article{        Dumas:2012,
  author	= {Dumas, M. E.},
  year		= 2012,
  title		= {Metabolome 2.0: quantitative genetics and network biology of metabolic phenotypes},
  journal	= {Molecular BioSystems},
  volume	= 8,
  pages		= {2494-2502},
  pozn		= {neni},
  kod		= {}
}

@Article{        Cohenetal:2012,
  author	= {Cohen, A. A., et al.},
  year		= 2012,
  title		= {Physiological regulatory networks: ecological roles and evolutionary constraints},
  journal	= {Trends in Ecology and Evolution},
  volume	= 27,
  pages		= {428-435},
  pozn		= {neni},
  kod		= {}
}

@Article{        Phillips:2008,
  author	= {Phillips, P. C.},
  year		= 2008,
  title		= {Epistasis -- the essential role of gene interactions in the structure and evolution of genetic systems},
  journal	= {Nature Reviews Genetics},
  volume	= 9,
  pages		= {855-867},
  pozn		= {neni},
  kod		= {}
}

@Article{        Jabot&Bascompte:2012,
  author	= {Jabot, F., and Bascompte, J.},
  year		= 2012,
  title		= {Bitrophic interactions shape biodiversity in space},
  journal	= {Proceedings of the National Academy of Sciences USA},
  volume	= 109,
  pages		= {4521-4526},
  pozn		= {neni},
  kod		= {}
}

@Article{        Krivanetal:2008,
  author	= {K\v{r}ivan, V., and Cressman, R., and Schneider, C.},
  year		= 2008,
  title		= {The Ideal Free Distribution: A review and synthesis of the game theoretic perspective},
  journal	= {Theoretical Population Biology},
  volume	= 73,
  pages		= {403-425},
  pozn		= {neni},
  kod		= {}
}

@Article{     Cressman&Krivan:2006,    
  author	= {Cressman, R., and K\v{r}ivan, V.},
  year		= 2006,
  title		= {Migration dynamics for the ideal free distribution},
  journal	= {The American Naturalist},
  volume	= 168,
  pages		= {384-397},
  pozn		= {},
  kod		= {}
}

@Article{     Economo&Keitt:2007,    
  author	= {Economo, E. P., and Keitt, T.},
  year		= 2008,
  title		= {Species diversity in neutral metacommunities: a network approach},
  journal	= {Ecology Letters},
  volume	= 11,
  pages		= {52-62},
  pozn		= {},
  kod		= {}
}

@Article{         Etienne1:2007,
  author	= {Etienne, R. S.},
  year		= 2007,
  title		= {A neutral sampling formula for multiple samples and an 'exact' test of neutrality},
  journal	= {Ecology Letters},
  volume	= 10,
  pages		= {608-618},
  pozn		= {neni},
  kod		= {}
}

@Article{         Rooneyetal:2008,
  author	= {Rooney, N., and McCann, K. S., and Moore, J. C.},
  year		= 2008,
  title		= {A landscape theory for food web architecture},
  journal	= {Ecology Letters},
  volume	= 11,
  pages		= {867-881},
  pozn		= {neni},
  kod		= {}
}

@Article{         Etienne2:2007,
  author	= {Etienne, R. S., and Alonso, D., and McKane, A. J..},
  year		= 2007,
  title		= {The zero-sum assumption in neutral biodiversity theory},
  journal	= {Journal of Theoretical Biology},
  volume	= 248,
  pages		= {522-536},
  pozn		= {neni},
  kod		= {}
}

@Article{         Krivan:2014,
  author	= {K\v{r}ivan, V.},
  year		= 2014,
  title		= {Competition in di- and tri-trophic food web modules},
  journal	= {Journal of Theoretical Biology},
  volume	= 343,
  pages		= {127-137},
  pozn		= {neni},
  kod		= {}
}

@Book{           Ewens:2004,
  author	= {Ewens,  W. J.},
  year		= 2004,
  title		= {Mathematical Population Genetics},
  series	= {(Springer, New York)},
  publisher	= {},
  address       = {}
}

@Book{           Holt&Hoopes:2005,
  author	= {Holt, R. D., and Hoopes, M.},
  year		= 2005,
  title		= {Food Web Dynamics in a Metacommunity Context: Modules and Beyond},
  series	= {In: Metacommunities: Spatial Dynamics and Ecological Communities (eds Holyoak, M., & Leibold, M. A., \& Holt, R. D.)},
  publisher	= {The University of Chicago Press, Chicago, pp. 68-93},
  address       = {}
}

@Article{        Pillaietal:2011,
  author	= {Pillai, P., and Gonzalez, A., and Loreau, M.},
  year		= 2011,
  title		= {Metacommunity theory explains the emergence of food web complexity},
  journal	= {Proceedings of the National Academy of Sciences of the United States of America},
  volume	= 108,
  pages		= {19293-19298},
  pozn		= {neni},
  kod		= {}
}


@Article{        Srinivasanetal:2007,
  author	= {Srinivasan, U. T., and Dunne, J. A., and Harte, J., and Martinez, N. D.},
  year		= 2007,
  title		= {Response of complex food webs to realistic extinctions sequences},
  journal	= {Ecology},
  volume	= 8,
  pages		= {671-682},
  pozn		= {neni},
  kod		= {}
}

@Book{           Holyoaketal:2005,
  author	= {Holyoak, M., and Leibold, M. A., and Holt, R. D.},
  year		= 2005,
  title		= {Metacommunities: Spatial Dynamics and Ecological Communities},
  series	= {},
  publisher	= {The University of Chicago Press, Chicago},
  address       = {}
}

@Article{        Volkovetal:2005,
  author	= {Volkov, I., and Banavar, J. R., and He, F., and Hubbell, S. P., and Maritan, A.},
  year		= 2005,
  title		= {Density dependence explains tree species abundance and diversity in tropical forests},
  journal	= {Nature},
  volume	= 438,
  pages		= {658-661},
  pozn		= {neni},
  kod		= {}
}

@Article{        Zillio&Condit:2007,
  author	= {Zillio, T., and Condit, R., S.},
  year		= 2007,
  title		= {The impact of neutrality, niche differentiation and species input on diversity and abundance distributions},
  journal	= {Oikos},
  volume	= 116,
  pages		= {931-940},
  pozn		= {neni},
  kod		= {}
}


@Book{           Holt:1997,
  author	= {Holt, R. D.},
  year		= 1997,
  title		= {From metapolulation dynamics to community structure: some consequences of spatial heterogeneity},
  series	= {In: Metapopulation Biology (eds Hanski, I., \& Gilpin, M.)},
  publisher	= {Academic Press, San Diego, pp. 149-164},
  address       = {}
}

@Book{		 Hubbell2:2001,
  author	= {Hubbell, S. P.},
  year		= 2001,
  title		= {The Unified Neutral Theory of Biodiversity and Biogeography},
  series	= {(Princeton University Press, Princeton)},
  publisher	= {},
  address	= {}
}

@Book{           Bolker:2004,
  author	= {Bolker, B.},
  year		= 2004,
  title		= {Continuous-space models for population dynamics},
  series	= {In: Ecology, Genetics, and Evolution of Metapopulations (eds Hanski, I., \& Gaggioti, O. E.)},
  publisher	= {Elsevier Science, San Diego, pp. 45-69},
  address       = {}
}

@Article{        Urbanetal:2009,
  author	= {Urban, D. L., and Minor, E. S., and Treml, E. A., and Schick, R. S.},
  year		= 2009,
  title		= {Graph models of habitat mosaics},
  journal	= {Ecology Letters},
  volume	= 12,
  pages		= {260-273},
  pozn		= {},
  kod		= {}
}

@Article{        Muneepeerakuletal:2008,
  author	= {Muneepeerakul, R., and Bertuzzo, E., and Lynch, H. J., and Fagan, W. F., and Rinaldo, A., and Rodriguez-Iturbe, I.},
  year		= 2008,
  title		= {Neutral metacommunity models predict fish diversity patterns in {M}ississippi-{M}issouri basin},
  journal	= {Nature},
  volume	= 453,
  pages		= {220-222},
  pozn		= {},
  kod		= {}
}

@Article{         Arnold:1992,
  author	= {Arnold, J. S.},
  year		= 1992,
  title		= {Constraints on phenotypic evolution},
  journal	= {The American Naturalist},
  volume	= 140,
  pages		= {S85-S107},
  pozn		= {},
  kod		= {}
}


@Article{         Bell:2001,
  author	= {Bell, G.},
  year		= 2001,
  title		= {Neutral macroecology},
  journal	= {Science},
  volume	= 293,
  pages		= {2413-2418},
  pozn		= {},
  kod		= {}
}

@Article{         Alberch:1991,
  author	= {Alberch, P.},
  year		= 1991,
  title		= {From genes to phenotype: dynamical systems and evolvability},
  journal	= {Genetica},
  volume	= 84,
  pages		= {5-11},
  pozn		= {},
  kod		= {}
}


@Article{         MacArthur:1955,
  author	= {MacArthur, R.},
  year		= 1955,
  title		= {Fluctuations of animal populations and a measure of community stability},
  journal	= {Ecology},
  volume	= 36,
  pages		= {533-536},
  pozn		= {},
  kod		= {}
}

@Article{         Debat&David:2001,
  author	= {Debat, V., and David, P.},
  year		= 2001,
  title		= {Mapping phenotypes: canalization, plasticity and developmental stability},
  journal	= {Trends in Ecology and Evolution},
  volume	= 16,
  pages		= {555-561},
  pozn		= {},
  kod		= {}
}


@Article{         Mougi&Kondoh:2016,
  author	= {Mougi, A., and Kondoh, M.},
  year		= 2016,
  title		= {Food-web complexity, meta-community complexity and community stability},
  journal	= {Scientific Reports},
  volume	= 6,
  pages		= {24478},
  pozn		= {},
  kod		= {}
}


@Article{         Janzen:1970,
  author	= {Janzen, D. H.},
  year		= 1970,
  title		= {Herbivores and the number of tree species in tropical forests},
  journal	= {The American Naturalist},
  volume	= 104,
  pages		= {502-528},
  pozn		= {},
  kod		= {}
}

@Article{     KneitelMiller:2003,    
  author	= {Kneitel, J. M., and Miller, T.},
  year		= 2003,
  title		= {Dispersal rates affect species composition in metacommunities of ${S}arracenia$ $purpurea$ inquilines},
  journal	= {The American Naturalist},
  volume	= 162,
  pages		= {165-171},
  pozn		= {},
  kod		= {}
}

@Article{    Kavallieratosetal:2004,    
  author	= {Kavallieratos},
  year		= 2004,
  title		= {XXX},
  journal	= {XXX},
  volume	= XXX,
  pages		= {XXX-XXX},
  pozn		= {},
  kod		= {}
}

@Article{     Loreauetal:2003,    
  author	= {Loreau, M., and Mouquet, N., and Holt, R. D.},
  year		= 2003,
  title		= {Meta-ecosystems: a theoretical framework for a spatial ecosystem ecology},
  journal	= {Ecology Letters},
  volume	= 5,
  pages		= {673-679},
  pozn		= {},
  kod		= {}
}

@Article{     MouquetLoreau:2003,    
  author	= {Mouquet, N. and Loreau, M.},
  year		= 2003,
  title		= {Community patterns in source-sink metacommunities},
  journal	= {The American Naturalist},
  volume	= 162,
  pages		= {544-557},
  pozn		= {},
  kod		= {}
}

@Article{     Cottenie:2005,    
  author	= {Cottenie, K.},
  year		= 2005,
  title		= {Integrating environmental and spatial processes in ecological community dynamics},
  journal	= {Ecology Letters},
  volume	= 8,
  pages		= {1175-1182},
  pozn		= {},
  kod		= {}
}

@Article{     ThibautConnolly:2013,    
  author	= {Thibaut, L.M. and Connolly, S.R.},
  year		= 2013,
  title		= {Understanding diversity–stability relationships: towards a unified model of portfolio effects},
  journal	= {Ecology Letters},
  volume	= 16,
  pages		= {140-150},
  pozn		= {},
  kod		= {}
}


@Article{     WangLoreau:2014,    
  author	= {Wang, S., and Loreau, M.},
  year		= 2014,
  title		= {Ecosystem stability in space: $\alpha$, $\beta$ and $\gamma$ variability},
  journal	= {Ecology Letters},
  volume	= 8,
  pages		= {1175-1182},
  pozn		= {},
  kod		= {}
}

@Article{     deMazancourtetal:2001,    
  author	= {de Mazancourt, C., and Loreau, M., and Dieckmann, U.},
  year		= 2001,
  title		= {Can the evolution of plant defense lead to plant-herbivore musualism?},
  journal	= {The American Naturalist},
  volume	= 158,
  pages		= {109-123},
  pozn		= {},
  kod		= {}
}


@Article{     Wagner&Zhang:2011,    
  author	= {Wagner, G.P., and Zhang, J.},
  year		= 2011,
  title		= {The pleiotropic structure of the genotype-phenotype map: the evolvability of complex organisms},
  journal	= {Nature Reviews Genetics},
  volume	= 12,
  pages		= {204-213},
  pozn		= {},
  kod		= {}
}

@Article{     Muchaetal:2010,    
  author	= { Mucha, P. J., and Richardson, T., and Macon, K., and Porter, M. A., and Onnela, J. P.},
  year		= 2010,
  title		= {Community structure in time-dependent, multiscale, and multiplex networks},
  journal	= {Science},
  volume	= 328,
  pages		= {876-878},
  pozn		= {},
  kod		= {}
}

@Article{     BarabasDAndrea:2016,    
  author	= {Barab\'as, G., and D'Andrea, R.},
  year		= 2016,
  title		= {The effect of intraspecific variation and heritability on community pattern and robustness},
  journal	= {Ecology Letters},
  volume	= 19,
  pages		= {977-986},
  pozn		= {},
  kod		= {}
}

@Article{     Kivelaetal:2014,    
  author	= {Kivela, M. and Arenas, A., and Barthelemy, M., and Gleeson, J. P., and Moreno, Y., and Porter, M. A.},
  year		= 2014,
  title		= {Multilayer networks},
  journal	= {Journal of Complex Networks},
  volume	= 2,
  pages		= {203-271},
  pozn		= {},
  kod		= {}
}

@Article{     Gaoetal:2012,    
  author	= {Gao, J., and Buldyrev, S. V., and Stanley, H. E., and Havlin, S.},
  year		= 2012,
  title		= {Networks formed from interdependent networks},
  journal	= {Nature physics},
  volume	= 8,
  pages		= {40-48},
  pozn		= {},
  kod		= {}
}

@Article{     DeDomenicoetal:2015,    
  author	= {De Domenico, M., and Nicosia, V., and Latora, V.},
  year		= 2015,
  title		= {Structural reducibility of multilayer networks},
  journal	= {Nature Communications},
  volume	= 6,
  pages		= {6864},
  pozn		= {},
  kod		= {}
}

@Article{     Guichard:2017,    
  author	= {Guichard, F.},
  year		= 2017,
  title		= {Recent advances in metacommunities and meta-ecosystems},
  journal	= {F1000Research},
  volume	= 6,
  pages		= {610},
  pozn		= {},
  kod		= {}
}

@Article{     Dybdahletal:2014,    
  author	= {Dybdahl, M. F., and Jenkins, C. E., and Nuismer, S. L.},
  year		= 2014,
  title		= {Identifying the molecular basis of host-parasite coevolution: merging models and mechanisms},
  journal	= {The American Naturalist},
  volume	= 184,
  pages		= {1-13},
  pozn		= {},
  kod		= {}
}


@Article{     Monnahanetal:2015,    
  author	= {Monnahan, P. J. and Kelly, J. K.},
  year		= 2015,
  title		= {Epistasis is a major determinant of the additive genetic variance in Mimulus guttatus},
  journal	= {PLoS genetics},
  volume	= 11,
  pages		= {e1005201},
  pozn		= {},
  kod		= {}
}


@Book{		 Wagner:2005,
  author	= {Wagner, A.},
  year		= 2005,
  title		= {Robustness and evolvability in living systems},
  series	= {(Princeton University Press), Princeton, USA},
  publisher	= {},
  address	= {}
}

@Article{     Cantoretal:2017,    
  author	= {Cantor, M., and Pires, M. M., and Marquitti, F. M. D., and Raimundo, R. L. G., and Sebasti\'an-Gonz\'alez, E., and Coltri, P. P., and Perez, I., and Barneche, D. R., and Brandt, D. Y. C., and Nunes, K., and Daura-Jorge, F. G., and Floeter, S. R., and Guimaraes Jr., P. R. },
  year		= 2017,
  title		= {Nestedness across biological scales},
  journal	= {PLoS One},
  volume	= e0171691,
  pages		= {1993-2002},
  pozn		= {},
  kod		= {}
}


@Article{     McClainetal:2012,    
  author	= {McClain, C. R., and Stegen, J. C., and Hurlbert, A. H.},
  year		= 2012,
  title		= {Dispersal, enrironmental niches and oceanic-scale turnover in deep-sea bivalves},
  journal	= {Proceedings of the Royal Society B},
  volume	= 279,
  pages		= {1993-2002},
  pozn		= {},
  kod		= {}
}

@Article{     HaegemanLoreau:2014,    
  author	= {Haegeman, B. and Loreau, M.},
  year		= 2014,
  title		= {General relationships between consumer dispersal, resource dispersal and metacommunity diversity},
  journal	= {Ecology Letters},
  volume	= 17,
  pages		= {175-184},
  pozn		= {},
  kod		= {}
}

@Book{		 Leigh:1999,
  author	= {Leigh, E. G.},
  year		= 1999,
  title		= {Tropical Forest Ecology},
  series	= {(Oxford University Press)},
  publisher	= {},
  address	= {}
}

@Book{		 Malecot:1970,
  author	= {Malecot, G.},
  year		= 1970,
  title		= {The Mathematics of Heredity},
  series	= {(W. H. Freeman, San Francisco)},
  publisher	= {},
  address	= {}
}

@Article{     McCannetal:2005,    
  author	= {McCann, K. S., and Rasmussen, J. B., and Umbanhowar, J.},
  year		= 2005,
  title		= {The dynamics of spatially coupled food webs},
  journal	= {Ecology Letters},
  volume	= 8,
  pages		= {513-523},
  pozn		= {},
  kod		= {}
}

@Article{     Briggs&Hoopes:2004,    
  author	= {Briggs, C. J., and Hoopes, M. F.},
  year		= 2004,
  title		= {Stabilizing effects in spatial parasitoid-host and predator-prey models: a review},
  journal	= {Theoretical Population Biology},
  volume	= 65,
  pages		= {299-315},
  pozn		= {},
  kod		= {}
}

@Article{     Gouhieretal:2010,    
  author	= {Gouhier, T. C., and Guichard, F., and Gonzalez, A.},
  year		= 2010,
  title		= {Synchrony and stability of food webs in metacommunities},
  journal	= {The American Naturalist},
  volume	= 175,
  pages		= {E16-E34},
  pozn		= {},
  kod		= {}
}

@Article{     Pillaietal:2012,    
  author	= {Pillai, P., and Gonzalez, A., and Loreau, M.},
  year		= 2012,
  title		= {Evolution of dispersal in a predator-prey metacommunity},
  journal	= {The American Naturalist},
  volume	= 179,
  pages		= {204-216},
  pozn		= {},
  kod		= {}
}

@Article{     Etiennetal:2007,    
  author	= {Etienne, R., S,, and Alonso, D,, and McKane, A. J.},
  year		= 2007,
  title		= {The zero-sum assumption in neutral biodiversity theory},
  journal	= {J. Theor Biol},
  volume	= 248,
  pages		= {522-536},
  pozn		= {},
  kod		= {}
}

@Article{     Koelle&Vandermeer:2005,    
  author	= {Koelle, K., and Vandermeer, J.},
  year		= 2005,
  title		= {Dispersal-induced desynchronization: from metapopulations to metacommunities},
  journal	= {Ecology Letters},
  volume	= 8,
  pages		= {167-175},
  pozn		= {},
  kod		= {}
}

@Article{     Nekola&Peter:1999,    
  author	= {Nekola, J. C., and Peter, S.},
  year		= 1999,
  title		= {The distance decay of similarity in biogeography and ecology},
  journal	= {Journal of Biogeography},
  volume	= 26,
  pages		= {867-878},
  pozn		= {},
  kod		= {}
}
 
@Article{     Morlonetal:2008,    
  author	= {Morlon, H., and Chuyong, G., and Condit, R., and Hubbell, S., and Kenfack, D., and Thomas, D, and Valencia, R., and Green, J. L.},
  year		= 2008,
  title		= {A general framework for the distance-decay of similarity in ecological communities},
  journal	= {Ecology Letters},
  volume	= 11,
  pages		= {904-917},
  pozn		= {},
  kod		= {}
}


@Article{     Metzetal:2010,    
  author	= {Metz, M., R., and Sousa, W., P., and Valencia, R.},
  year		= 2010,
  title		= {Widespread density-dependent seedling mortality promotes species coexistence in a highly diverse Amazonian rain forest.},
  journal	= {Ecology},
  volume	= 91,
  pages		= {3675-3685},
  pozn		= {},
  kod		= {}
}

@Article{     Thuilleretal:2013,    
  author	= {Thuiller, W., and M\"unkem\"uller, T., and Lavergne, S., and Mouillot, D., and Mouquet, N., and Schiffers, K., and Gravel, D.},
  year		= 2013,
  title		= {A road map for integrating eco-evolutionary processes into biodiversity models},
  journal	= {Ecology Letters},
  volume	= 16,
  pages		= {94-105},
  pozn		= {},
  kod		= {}
}

@Article{     Boulangeatetal:2012,    
  author	= {Boulangeat, I., and Gravel, D., and Thuiller, W.},
  year		= 2012,
  title		= {Accounting for dispersal and biotic interactions to disentangle the drivers of species distributions and their abundances},
  journal	= {Ecology Letters},
  volume	= 15,
  pages		= {584-593},
  pozn		= {},
  kod		= {}
}

@Article{     AraujoLuoto:2007,    
  author	= {Ara\'ujo, M. B., and Luoto, M.},
  year		= 2007,
  title		= {The importance of biotic interactions for modelling species distributions under climate change},
  journal	= {Global Ecology and Biogeography},
  volume	= 16,
  pages		= {743-753},
  pozn		= {},
  kod		= {}
}

@Article{     Pellissieretal:2013,    
  author	= {Pellissier, L., and Ndiribe, C., and Dubuis, A., and Pradervand, J-N., Salamin, N., and Guisan, A., and Rasmann, S.},
  year		= 2013,
  title		= {Turnover of plant lineages shapes herbivore phylogenetic beta diversity along ecological gradients},
  journal	= {Ecology Letters},
  volume	= 16,
  pages		= {600-608},
  pozn		= {},
  kod		= {}
}


@Article{     Vanpeteghem&Haegeman:2010,    
  author	= {Vanpeteghem, D., and Haegeman, B.},
  year		= 2010,
  title		= {An analytical approach to spatio-temporal dynamics of neutral community models},
  journal	= {Journal Mathematical Biology},
  volume	= 61,
  pages		= {323-357},
  pozn		= {},
  kod		= {}
}

@Article{     Comitaetal:2010,    
  author	= {Comita, L. S., and Muller-Landau, H. C., and Aguilar, S., and Hubbell S. P.},
  year		= 2010,
  title		= {Asymmetric density dependence shapes species abundances in a tropical tree community},
  journal	= {Science},
  volume	= 329,
  pages		= {330-332},
  pozn		= {},
  kod		= {}
}

@Article{         McKinnonetal:2004,
  author	= {McKinnon, J. E., and Mori, S., and Blackman, B. K., and David, L., and Kingsley, D. M., and Jamieson, L., and Chou, J., and Schluter, D.},
  year		= 2004,
  title		= {Evidence for ecology's role in speciation},
  journal	= {Nature},
  volume	= 429,
  pages		= {294-298},
  pozn		= {neni},
  kod		= {}
}

@Article{     MelianBascompte:2002,    
  author	= {Meli\'an, C. J., and Bascompte, J.},
  year		= 2002,
  title		= {Food web structure and habitat loss},
  journal	= {Ecology Letters},
  volume	= 12,
  pages		= {},
  pozn		= {},
  kod		= {}
}

@Article{     Moya:2011,    
  author	= {Moya-Lara\~no, J.},
  year		= 2011,
  title		= {Genetic variation, predator-prey interactions and food web structure},
  journal	= {Philos Trans R Soc Lond B Biol Sci},
  volume	= 366,
  pages		= {1425-1437},
  pozn		= {},
  kod		= {}
}

@Article{     Barbouretal:2016,    
  author	= {Barbour, M. A., and Fortuna, M. A., and Bascompte, J., Nicholson, J. R., and Julkunen-Tiitto, R., and Jules, E. S., and Crutsinger, G. M.},
  year		= 2016,
  title		= {Genetic specificity of a plant-insect food web: Implications for linking genetic variation to network complexity},
  journal	= {Proceedings of the National Academy of Sciences of the U. S. A.},
  volume	= 113,
  pages		= {2128-2133},
  pozn		= {},
  kod		= {}
}

@Article{    Melo&Marroig:2015,    
  author	= {Melo, D., and Marroig, G.},
  year		= 2015,
  title		= {Directional selection can drive the evolution of modularity in complex traits},
  journal	= {Proceedings of the National Academy of Sciences of the U. S. A.},
  volume	= 112,
  pages		= {470-475},
  pozn		= {},
  kod		= {}
}

@Article{     Melianetal:2014,    
  author	= {Meli\'an, C. J. and Bald\'o, F. and Matthews, B. and Vilas, C. and Gonz\'alez-Orteg\'on, E. and Drake, P. and Williams, R. J.},
  year		= 2014,
  title		= {Individual trait variation and diversity in food webs},
  journal	= {Advances in Ecological Research},
  volume	= 50,
  pages		= {207-241},
  pozn		= {},
  kod		= {}
}

@Article{     Hartetal:2016,    
  author	= {Hart, S. P., and Schreiber, S. J., and Levine, J. M.},
  year		= 2016,
  title		= {How variation between individuals affects species coexistence},
  journal	= {Ecology Letters},
  volume	= 19,
  pages		= {825-838},
  pozn		= {},
  kod		= {}
}

@Article{     Fortunaetal:2008,    
  author	= {Fotuna, M. A., and Garc\'ia, C., and Guimaraes, P., and Bascompte, J.},
  year		= 2008,
  title		= {Spatial mating networks in insect-pollinated plants},
  journal	= {Ecology Letters},
  volume	= 11,
  pages		= {490-498},
  pozn		= {},
  kod		= {}
}

@Article{     Revilla&Wiegand:2008,    
  author	= {Revilla, E., and Wiegand, T.}, 
  year		= 2008,
  title		= {Individual movement behavior, matrix heterogeneity, and the dynamics of spatially structured populations},
  journal	= {Proceedings of the National Academy of Sciences of the United States of America},
  volume	=105,
  pages		= {19120-19125},
  pozn		= {},
  kod		= {}
}

@Article{     Schmidhuber:2015,    
  author	= {Schmidhuber, J.}, 
  year		= 2015,
  title		= {Deep learning in neural networks: An overview},
  journal	= {Neural Networks},
  volume	= 61,
  pages		= {85-117},
  pozn		= {},
  kod		= {}
}


@Article{     Reichsteinetal:2019,    
  author	= {Reichstein, M., and Camps-Valls, G., and Stevens, B., and Jung, M., and Denzler, J., and Carvalhais, N., and Prabhat}, 
  year		= 2019,
  title		= {Deep learning and process understanding for data-driven Earth system science},
  journal	= {Nature},
  volume	=566,
  pages		= {195-204},
  pozn		= {},
  kod		= {}
}

@Article{     Sheehanetal:2016,    
  author	= {Sheehan, S., and Song, Y. S.}, 
  year		= 2016,
  title		= {Deep learning for population genetic inference},
  journal	= {PLoS Comput. Biol.},
  volume	=12,
  pages		= {e10048452},
  pozn		= {},
  kod		= {}
}

@Book{           Melianetal:2005,
  author	= {Meli\'an, C. J., and Bascompte, J., and Jordano, P.},
  year		= 2005,
  title		= {Spatial structure and dynamics in a marine food web},
  series	= {In: Aquatic Food Webs (eds A. Belgrano, U. M., Scharler, J., Dunne, and R. E., Ulanowicz)},
  publisher	= {Oxford University Press. Oxford, pp. 19-24},
  address       = {}
}

@Article{     Melianetal:2018,    
  author	= {Meli\'an, C. J., and Matthews, B., and Andreazzi, C. S., and Rodr\'guez, J. P., and Harmon, L. J., and Fortuna, M. A.}, 
  year		= 2018,
  title		= {Deciphering the interdependence between ecological and evolutionary networks},
  journal	= {Trends in Ecology and Evolution},
  volume	=33,
  pages		= {504-512},
  pozn		= {},
  kod		= {}
}

@Article{     Newboldetal:2016,    
  author	= {Newbold, T., and Hudson, L. N., and Arnell, A. P., and Contu, S., and De Palma, A., and Ferrier, S., and Hill, S. L. L., and Hoskins, A. J., and Lysenko, I., and Phillips, H. R. P., and Burton, V. J., and Chng, C. W. T., and Emerson, S., and Gao, D., and Pask-Hale, G., and Hutton, J., and Jung, M., and Sanchez-Ortiz3, K., and Simmons, B. I., and Whitmee, S., and Zhang, H., and Scharlemann, J. P. W., and Purvis, A.}, 
  year		= 2016,
  title		= {Has land use pushed terrestrial biodiversity beyond the planetary boundary? A global assessment},
  journal	= {Science},
  volume	=353,
  pages		= {288-291},
  pozn		= {},
  kod		= {}
}

@Book{          Bianconi:2018,    
  author	= {Bianconi, G}, 
  year		= 2018,
  title		= {Multilayer Networks; Structure and Function},
  series	= {Oxford University Press. Oxford},
  publisher	= Oxford University Press. Oxford,
  address	= {}
}

@Book{          Dunne:2006,    
  author	= {Dunne, J. A.}, 
  year		= 2006,
  title		= {The network structure of food webs},
  series	= {In: Ecological Networks: Linking Structure to Dynamics in Food Webs (eds. Pascual, M. & Dunne, J. A.)},
  publisher	= Oxford University Press. Oxford, pp. 27–86,
  address	= {}
}

@Book{          Briand:1983,    
  author	= {Briand, F.}, 
  year		= 1983,
  title		= {Biogeographic patterns in food web organization},
  series	= {In: Current trends in food web theory: Report on a food web workshop (eds. DeAngelis, D. L., Post, W. M., and Sugihara, G.)},
  publisher	= {Oak Ridge National Laboratory. Oak Ridge, Tennessee, pp. 37-39},
  address	= {}
}

@Article{     Leigh:2007,    
  author	= {Leigh, E. G.}, 
  year		= 2007,
  title		= {Neutral theory: a historical perspective},
  journal	= {J. Evol. Biol.},
  volume	= 20,
  pages		= {2075-2091},
  pozn		= {},
  kod		= {}
}

@Article{     Amarasekare:2008,    
  author	= {Amarasekare, P.}, 
  year		= 2008,
  title		= {Spatial dynamics of foodwebs},
  journal	= {Annual Review Ecology, Evolution and Systematics},
  volume	= 39,
  pages		= {479-500},
  pozn		= {},
  kod		= {}
}

@Article{     Leiboldetal:2004,    
  author	= {Leibold, M. A., and Holyoak, M., and Mouquet, N., and Amarasekare, P., and Chase, J. M., and Hoopes, M. F.}, 
  year		= 2004,
  title		= {The metacommunity concept: a framework for multi-scale community ecology},
  journal	= {Ecology Letters},
  volume	= 7,
  pages		= {601-613},
  pozn		= {},
  kod		= {}
}

@Article{     Rezendeetal:2009,    
  author	= {Rezende, E. L., and Albert, E. M., and Fortuna, M. A., and Bascompte, J.}, 
  year		= 2009,
  title		= {Compartments in a marine food web associated with phylogeny, body mass, and habitat structure},
  journal	= {Ecology Letters},
  volume	= 12,
  pages		= {779-788},
  pozn		= {},
  kod		= {}
}

@Article{     Munozetal:2007,    
  author	= {Munoz, F., and Couteron, P., and Ramesh, B. R., and Etienne, R. S.}, 
  year		= 2007,
  title		= {Estimating parameters of neutral communities from one single large to several samples},
  journal	= {Ecology},
  volume	= 88,
  pages		= {2482-2488},
  pozn		= {},
  kod		= {}
}

@Article{         Bode&Burrage&Possingham:2008,
  author	= {Bode, M., and Burrage, K., and Possingham, H. P.},
  year		= 2008,
  title		= {Using complex networks metrics to predict the persistence of metapopulations with asymetric connectivity patterns},
  journal	= {Ecological Modelling},
  volume	= 214,
  pages		= {201-209},
  pozn		= {neni},
  kod		= {}
}

@Article{         Bolnicketal:2007,
  author	= {Bolnick, D. I., and Svanb\"ack, R., and Ara\'ujo, M. S., and Persson, L.},
  year		= 2007,
  title		= {Comparative support for niche variation hypothesis that more generalized populations also are more heterogeneous},
  journal	= {Proceedings of the National Academy of Sciences of the U. S. A.},
  volume	= 104,
  pages		= {10075-10079},
  pozn		= {neni},
  kod		= {}
}

@Article{         WellsHara:2013,
  author	= {Wells, K., and O'Hara R. B.},
  year		= 2013,
  title		= {Species interactions: estimating per-individual interaction strength and covariates before simplifying data into per-species ecological networks},
  journal	= {Methods in Ecology and Evolution},
  volume	= 4,
  pages		= {1-8},
  pozn		= {neni},
  kod		= {}
}

@Article{         Bersieretal:1999,
  author	= {Bersier, L.-F., Dixon, P., and Sugihara, G.},
  year		= 1999,
  title		= {Scale-invariant or scale-dependent behavior of the link density property in food webs},
  journal	= {The American Naturalist},
  volume	= 153,
  pages		= {676-682},
  pozn		= {},
  kod		= {}
}

@Article{         Ahnetal:2010,
  author	= {Ahn, Y-Y., and Bagrow, J. P., and Lehmann, S.},
  year		= 2010,
  title		= {Link communities reveal multiscale complexity in networks},
  journal	= {Nature},
  volume	= 466,
  pages		= {761-765},
  pozn		= {neni},
  kod		= {}
}

@Article{         Nee:2005,
  author	= {Nee, S.},
  year		= 2005,
  title		= {The neutral theory of biodiversity: do the numbers add up?},
  journal	= {Functional Ecology},
  volume	= 19,
  pages		= {173-176},
  pozn		= {neni},
  kod		= {}
}

@Article{     Pikeetal:2000,    
  author	= {Pike},
  year		= 2000,
  title		= {XXX},
  journal	= {XXX},
  volume	= XXX,
  pages		= {XXX-XXX},
  pozn		= {},
  kod		= {}
}

@Article{     Shurin:2001,    
  author	= {Shurin, J.},
  year		= 2001,
  title		= {Interactive effects of predation and dispersal on zooplankton communities},
  journal	= {Ecology},
  volume	= 82,
  pages		= {3404-3416},
  pozn		= {},
  kod		= {}
}


